@article{lott1997crime,
  title={Crime, deterrence, and right-to-carry concealed handguns},
  author={Lott, Jr, John R and Mustard, David B},
  journal={The Journal of Legal Studies},
  volume={26},
  number={1},
  pages={1--68},
  year={1997},
  publisher={The University of Chicago Press}
}

@article{aneja2011impact,
  title={The impact of right-to-carry laws and the NRC report: lessons for the empirical evaluation of law and policy},
  author={Aneja, Abhay and Donohue III, John J and Zhang, Alexandria},
  journal={American Law and Economics Review},
  volume={13},
  number={2},
  pages={565--631},
  year={2011},
  publisher={Oxford University Press}
}

@article{ludwig1998concealed,
  title={Concealed-gun-carrying laws and violent crime: evidence from state panel data},
  author={Ludwig, Jens},
  journal={International Review of law and Economics},
  volume={18},
  number={3},
  pages={239--254},
  year={1998},
  publisher={Elsevier}
}

@article{donohue2009more,
  title={More guns, less crime fails again: the latest evidence from 1977--2006},
  author={Donohue, John and Ayres, Ian},
  year={2009}
}

@article{black1998right,
  title={Do right-to-carry laws deter violent crime?},
  author={Black, Dan A and Nagin, Daniel S},
  journal={The Journal of Legal Studies},
  volume={27},
  number={1},
  pages={209--219},
  year={1998},
  publisher={The University of Chicago Press}
}

@article{ayres2003latest,
  title={The latest misfires in support of the" more guns, less crime" hypothesis},
  author={Ayres, Ian and Donohue III, John J},
  journal={Stanford Law Review},
  pages={1371--1398},
  year={2003},
  publisher={JSTOR}
}

@article{mcdowall1995easing,
  title={Easing concealed firearms laws: Effects on homicide in three states},
  author={McDowall, David and Loftin, Colin and Wiersema, Brian},
  journal={J. Crim. L. \& Criminology},
  volume={86},
  pages={193},
  year={1995},
  publisher={HeinOnline}
}

@article{kleck1993impact,
  title={The impact of gun control and gun ownership levels on violence rates},
  author={Kleck, Gary and Patterson, E Britt},
  journal={Journal of Quantitative Criminology},
  volume={9},
  number={3},
  pages={249--287},
  year={1993},
  publisher={Springer}
}

@article{plassmann2003confirming,
  title={Confirming" more guns, less crime"},
  author={Plassmann, Florenz and Whitley, John},
  journal={Stanford Law Review},
  pages={1313--1369},
  year={2003},
  publisher={JSTOR}
}

@article{moody2008debate,
  title={The debate on shall-issue laws},
  author={Moody, Carlisle E and Marvell, Thomas B},
  journal={Econ Journal Watch},
  volume={5},
  number={3},
  pages={269},
  year={2008},
  publisher={Fraser Institute}
}

@article{moody2009debate,
  title={The debate on shall issue laws, continued},
  author={Moody, Carlisle E and Marvell, Thomas B},
  journal={Econ Journal Watch},
  volume={6},
  number={2},
  pages={203},
  year={2009},
  publisher={Fraser Institute}
}

@article{callaway2021difference,
  title={Difference-in-differences with multiple time periods},
  author={Callaway, Brantly and Santâ€™Anna, Pedro HC},
  journal={Journal of Econometrics},
  volume={225},
  number={2},
  pages={200--230},
  year={2021},
  publisher={Elsevier}
}

@article{goodman2021difference,
  title={Difference-in-differences with variation in treatment timing},
  author={Goodman-Bacon, Andrew},
  journal={Journal of Econometrics},
  volume={225},
  number={2},
  pages={254--277},
  year={2021},
  publisher={Elsevier}
}

@article{sun2021estimating,
  title={Estimating dynamic treatment effects in event studies with heterogeneous treatment effects},
  author={Sun, Liyang and Abraham, Sarah},
  journal={Journal of Econometrics},
  volume={225},
  number={2},
  pages={175--199},
  year={2021},
  publisher={Elsevier}
}
